<ENVELOPE>
<HEADER><TALLYREQUEST>Import Data</TALLYREQUEST></HEADER>
<BODY><IMPORTDATA>
<REQUESTDESC><REPORTNAME>All Masters</REPORTNAME>
<STATICVARIABLES><SVCURRENTCOMPANY>Meenakshi Marine Exports</SVCURRENTCOMPANY></STATICVARIABLES>
</REQUESTDESC>
<REQUESTDATA>
<TALLYMESSAGE>
<VOUCHER VCHTYPE="Sales" ACTION="Create">
<DATE>20260201</DATE>
<VOUCHERTYPENAME>Sales</VOUCHERTYPENAME>
<PARTYLEDGERNAME>Gulf Coast Seafood</PARTYLEDGERNAME>
<ALLLEDGERENTRIES.LIST>
<LEDGERNAME>Gulf Coast Seafood</LEDGERNAME>
<ISDEEMEDPOSITIVE>Yes</ISDEEMEDPOSITIVE>
<AMOUNT>-5500000</AMOUNT>
</ALLLEDGERENTRIES.LIST>
<ALLLEDGERENTRIES.LIST>
<LEDGERNAME>Export Sales - USA</LEDGERNAME>
<ISDEEMEDPOSITIVE>No</ISDEEMEDPOSITIVE>
<AMOUNT>5500000</AMOUNT>
</ALLLEDGERENTRIES.LIST>
</VOUCHER>
</TALLYMESSAGE>
<TALLYMESSAGE>
<VOUCHER VCHTYPE="Sales" ACTION="Create">
<DATE>20260201</DATE>
<VOUCHERTYPENAME>Sales</VOUCHERTYPENAME>
<PARTYLEDGERNAME>Shanghai Ocean Foods</PARTYLEDGERNAME>
<ALLLEDGERENTRIES.LIST>
<LEDGERNAME>Shanghai Ocean Foods</LEDGERNAME>
<ISDEEMEDPOSITIVE>Yes</ISDEEMEDPOSITIVE>
<AMOUNT>-800000</AMOUNT>
</ALLLEDGERENTRIES.LIST>
<ALLLEDGERENTRIES.LIST>
<LEDGERNAME>Export Sales - China</LEDGERNAME>
<ISDEEMEDPOSITIVE>No</ISDEEMEDPOSITIVE>
<AMOUNT>800000</AMOUNT>
</ALLLEDGERENTRIES.LIST>
</VOUCHER>
</TALLYMESSAGE>
<TALLYMESSAGE>
<VOUCHER VCHTYPE="Sales" ACTION="Create">
<DATE>20260201</DATE>
<VOUCHERTYPENAME>Sales</VOUCHERTYPENAME>
<PARTYLEDGERNAME>Mekong Seafood Trading</PARTYLEDGERNAME>
<ALLLEDGERENTRIES.LIST>
<LEDGERNAME>Mekong Seafood Trading</LEDGERNAME>
<ISDEEMEDPOSITIVE>Yes</ISDEEMEDPOSITIVE>
<AMOUNT>-700000</AMOUNT>
</ALLLEDGERENTRIES.LIST>
<ALLLEDGERENTRIES.LIST>
<LEDGERNAME>Export Sales - Vietnam</LEDGERNAME>
<ISDEEMEDPOSITIVE>No</ISDEEMEDPOSITIVE>
<AMOUNT>700000</AMOUNT>
</ALLLEDGERENTRIES.LIST>
</VOUCHER>
</TALLYMESSAGE>
<TALLYMESSAGE>
<VOUCHER VCHTYPE="Sales" ACTION="Create">
<DATE>20260201</DATE>
<VOUCHERTYPENAME>Sales</VOUCHERTYPENAME>
<PARTYLEDGERNAME>Export Sales - Others</PARTYLEDGERNAME>
<ALLLEDGERENTRIES.LIST>
<LEDGERNAME>Export Sales - Others</LEDGERNAME>
<ISDEEMEDPOSITIVE>Yes</ISDEEMEDPOSITIVE>
<AMOUNT>-600000</AMOUNT>
</ALLLEDGERENTRIES.LIST>
<ALLLEDGERENTRIES.LIST>
<LEDGERNAME>Export Sales - Others</LEDGERNAME>
<ISDEEMEDPOSITIVE>No</ISDEEMEDPOSITIVE>
<AMOUNT>600000</AMOUNT>
</ALLLEDGERENTRIES.LIST>
</VOUCHER>
</TALLYMESSAGE>
<TALLYMESSAGE>
<VOUCHER VCHTYPE="Sales" ACTION="Create">
<DATE>20260301</DATE>
<VOUCHERTYPENAME>Sales</VOUCHERTYPENAME>
<PARTYLEDGERNAME>Gulf Coast Seafood</PARTYLEDGERNAME>
<ALLLEDGERENTRIES.LIST>
<LEDGERNAME>Gulf Coast Seafood</LEDGERNAME>
<ISDEEMEDPOSITIVE>Yes</ISDEEMEDPOSITIVE>
<AMOUNT>-5800000</AMOUNT>
</ALLLEDGERENTRIES.LIST>
<ALLLEDGERENTRIES.LIST>
<LEDGERNAME>Export Sales - USA</LEDGERNAME>
<ISDEEMEDPOSITIVE>No</ISDEEMEDPOSITIVE>
<AMOUNT>5800000</AMOUNT>
</ALLLEDGERENTRIES.LIST>
</VOUCHER>
</TALLYMESSAGE>
<TALLYMESSAGE>
<VOUCHER VCHTYPE="Sales" ACTION="Create">
<DATE>20260301</DATE>
<VOUCHERTYPENAME>Sales</VOUCHERTYPENAME>
<PARTYLEDGERNAME>Shanghai Ocean Foods</PARTYLEDGERNAME>
<ALLLEDGERENTRIES.LIST>
<LEDGERNAME>Shanghai Ocean Foods</LEDGERNAME>
<ISDEEMEDPOSITIVE>Yes</ISDEEMEDPOSITIVE>
<AMOUNT>-900000</AMOUNT>
</ALLLEDGERENTRIES.LIST>
<ALLLEDGERENTRIES.LIST>
<LEDGERNAME>Export Sales - China</LEDGERNAME>
<ISDEEMEDPOSITIVE>No</ISDEEMEDPOSITIVE>
<AMOUNT>900000</AMOUNT>
</ALLLEDGERENTRIES.LIST>
</VOUCHER>
</TALLYMESSAGE>
<TALLYMESSAGE>
<VOUCHER VCHTYPE="Sales" ACTION="Create">
<DATE>20260301</DATE>
<VOUCHERTYPENAME>Sales</VOUCHERTYPENAME>
<PARTYLEDGERNAME>Mekong Seafood Trading</PARTYLEDGERNAME>
<ALLLEDGERENTRIES.LIST>
<LEDGERNAME>Mekong Seafood Trading</LEDGERNAME>
<ISDEEMEDPOSITIVE>Yes</ISDEEMEDPOSITIVE>
<AMOUNT>-700000</AMOUNT>
</ALLLEDGERENTRIES.LIST>
<ALLLEDGERENTRIES.LIST>
<LEDGERNAME>Export Sales - Vietnam</LEDGERNAME>
<ISDEEMEDPOSITIVE>No</ISDEEMEDPOSITIVE>
<AMOUNT>700000</AMOUNT>
</ALLLEDGERENTRIES.LIST>
</VOUCHER>
</TALLYMESSAGE>
<TALLYMESSAGE>
<VOUCHER VCHTYPE="Sales" ACTION="Create">
<DATE>20260301</DATE>
<VOUCHERTYPENAME>Sales</VOUCHERTYPENAME>
<PARTYLEDGERNAME>Export Sales - Others</PARTYLEDGERNAME>
<ALLLEDGERENTRIES.LIST>
<LEDGERNAME>Export Sales - Others</LEDGERNAME>
<ISDEEMEDPOSITIVE>Yes</ISDEEMEDPOSITIVE>
<AMOUNT>-700000</AMOUNT>
</ALLLEDGERENTRIES.LIST>
<ALLLEDGERENTRIES.LIST>
<LEDGERNAME>Export Sales - Others</LEDGERNAME>
<ISDEEMEDPOSITIVE>No</ISDEEMEDPOSITIVE>
<AMOUNT>700000</AMOUNT>
</ALLLEDGERENTRIES.LIST>
</VOUCHER>
</TALLYMESSAGE>
<TALLYMESSAGE>
<VOUCHER VCHTYPE="Sales" ACTION="Create">
<DATE>20260401</DATE>
<VOUCHERTYPENAME>Sales</VOUCHERTYPENAME>
<PARTYLEDGERNAME>Gulf Coast Seafood</PARTYLEDGERNAME>
<ALLLEDGERENTRIES.LIST>
<LEDGERNAME>Gulf Coast Seafood</LEDGERNAME>
<ISDEEMEDPOSITIVE>Yes</ISDEEMEDPOSITIVE>
<AMOUNT>-5200000</AMOUNT>
</ALLLEDGERENTRIES.LIST>
<ALLLEDGERENTRIES.LIST>
<LEDGERNAME>Export Sales - USA</LEDGERNAME>
<ISDEEMEDPOSITIVE>No</ISDEEMEDPOSITIVE>
<AMOUNT>5200000</AMOUNT>
</ALLLEDGERENTRIES.LIST>
</VOUCHER>
</TALLYMESSAGE>
<TALLYMESSAGE>
<VOUCHER VCHTYPE="Sales" ACTION="Create">
<DATE>20260401</DATE>
<VOUCHERTYPENAME>Sales</VOUCHERTYPENAME>
<PARTYLEDGERNAME>Shanghai Ocean Foods</PARTYLEDGERNAME>
<ALLLEDGERENTRIES.LIST>
<LEDGERNAME>Shanghai Ocean Foods</LEDGERNAME>
<ISDEEMEDPOSITIVE>Yes</ISDEEMEDPOSITIVE>
<AMOUNT>-1000000</AMOUNT>
</ALLLEDGERENTRIES.LIST>
<ALLLEDGERENTRIES.LIST>
<LEDGERNAME>Export Sales - China</LEDGERNAME>
<ISDEEMEDPOSITIVE>No</ISDEEMEDPOSITIVE>
<AMOUNT>1000000</AMOUNT>
</ALLLEDGERENTRIES.LIST>
</VOUCHER>
</TALLYMESSAGE>
<TALLYMESSAGE>
<VOUCHER VCHTYPE="Sales" ACTION="Create">
<DATE>20260401</DATE>
<VOUCHERTYPENAME>Sales</VOUCHERTYPENAME>
<PARTYLEDGERNAME>Mekong Seafood Trading</PARTYLEDGERNAME>
<ALLLEDGERENTRIES.LIST>
<LEDGERNAME>Mekong Seafood Trading</LEDGERNAME>
<ISDEEMEDPOSITIVE>Yes</ISDEEMEDPOSITIVE>
<AMOUNT>-800000</AMOUNT>
</ALLLEDGERENTRIES.LIST>
<ALLLEDGERENTRIES.LIST>
<LEDGERNAME>Export Sales - Vietnam</LEDGERNAME>
<ISDEEMEDPOSITIVE>No</ISDEEMEDPOSITIVE>
<AMOUNT>800000</AMOUNT>
</ALLLEDGERENTRIES.LIST>
</VOUCHER>
</TALLYMESSAGE>
<TALLYMESSAGE>
<VOUCHER VCHTYPE="Sales" ACTION="Create">
<DATE>20260401</DATE>
<VOUCHERTYPENAME>Sales</VOUCHERTYPENAME>
<PARTYLEDGERNAME>Export Sales - Others</PARTYLEDGERNAME>
<ALLLEDGERENTRIES.LIST>
<LEDGERNAME>Export Sales - Others</LEDGERNAME>
<ISDEEMEDPOSITIVE>Yes</ISDEEMEDPOSITIVE>
<AMOUNT>-700000</AMOUNT>
</ALLLEDGERENTRIES.LIST>
<ALLLEDGERENTRIES.LIST>
<LEDGERNAME>Export Sales - Others</LEDGERNAME>
<ISDEEMEDPOSITIVE>No</ISDEEMEDPOSITIVE>
<AMOUNT>700000</AMOUNT>
</ALLLEDGERENTRIES.LIST>
</VOUCHER>
</TALLYMESSAGE>
<TALLYMESSAGE>
<VOUCHER VCHTYPE="Sales" ACTION="Create">
<DATE>20260501</DATE>
<VOUCHERTYPENAME>Sales</VOUCHERTYPENAME>
<PARTYLEDGERNAME>Gulf Coast Seafood</PARTYLEDGERNAME>
<ALLLEDGERENTRIES.LIST>
<LEDGERNAME>Gulf Coast Seafood</LEDGERNAME>
<ISDEEMEDPOSITIVE>Yes</ISDEEMEDPOSITIVE>
<AMOUNT>-4800000</AMOUNT>
</ALLLEDGERENTRIES.LIST>
<ALLLEDGERENTRIES.LIST>
<LEDGERNAME>Export Sales - USA</LEDGERNAME>
<ISDEEMEDPOSITIVE>No</ISDEEMEDPOSITIVE>
<AMOUNT>4800000</AMOUNT>
</ALLLEDGERENTRIES.LIST>
</VOUCHER>
</TALLYMESSAGE>
<TALLYMESSAGE>
<VOUCHER VCHTYPE="Sales" ACTION="Create">
<DATE>20260501</DATE>
<VOUCHERTYPENAME>Sales</VOUCHERTYPENAME>
<PARTYLEDGERNAME>Shanghai Ocean Foods</PARTYLEDGERNAME>
<ALLLEDGERENTRIES.LIST>
<LEDGERNAME>Shanghai Ocean Foods</LEDGERNAME>
<ISDEEMEDPOSITIVE>Yes</ISDEEMEDPOSITIVE>
<AMOUNT>-1100000</AMOUNT>
</ALLLEDGERENTRIES.LIST>
<ALLLEDGERENTRIES.LIST>
<LEDGERNAME>Export Sales - China</LEDGERNAME>
<ISDEEMEDPOSITIVE>No</ISDEEMEDPOSITIVE>
<AMOUNT>1100000</AMOUNT>
</ALLLEDGERENTRIES.LIST>
</VOUCHER>
</TALLYMESSAGE>
<TALLYMESSAGE>
<VOUCHER VCHTYPE="Sales" ACTION="Create">
<DATE>20260501</DATE>
<VOUCHERTYPENAME>Sales</VOUCHERTYPENAME>
<PARTYLEDGERNAME>Mekong Seafood Trading</PARTYLEDGERNAME>
<ALLLEDGERENTRIES.LIST>
<LEDGERNAME>Mekong Seafood Trading</LEDGERNAME>
<ISDEEMEDPOSITIVE>Yes</ISDEEMEDPOSITIVE>
<AMOUNT>-800000</AMOUNT>
</ALLLEDGERENTRIES.LIST>
<ALLLEDGERENTRIES.LIST>
<LEDGERNAME>Export Sales - Vietnam</LEDGERNAME>
<ISDEEMEDPOSITIVE>No</ISDEEMEDPOSITIVE>
<AMOUNT>800000</AMOUNT>
</ALLLEDGERENTRIES.LIST>
</VOUCHER>
</TALLYMESSAGE>
<TALLYMESSAGE>
<VOUCHER VCHTYPE="Sales" ACTION="Create">
<DATE>20260501</DATE>
<VOUCHERTYPENAME>Sales</VOUCHERTYPENAME>
<PARTYLEDGERNAME>Export Sales - Others</PARTYLEDGERNAME>
<ALLLEDGERENTRIES.LIST>
<LEDGERNAME>Export Sales - Others</LEDGERNAME>
<ISDEEMEDPOSITIVE>Yes</ISDEEMEDPOSITIVE>
<AMOUNT>-700000</AMOUNT>
</ALLLEDGERENTRIES.LIST>
<ALLLEDGERENTRIES.LIST>
<LEDGERNAME>Export Sales - Others</LEDGERNAME>
<ISDEEMEDPOSITIVE>No</ISDEEMEDPOSITIVE>
<AMOUNT>700000</AMOUNT>
</ALLLEDGERENTRIES.LIST>
</VOUCHER>
</TALLYMESSAGE>
<TALLYMESSAGE>
<VOUCHER VCHTYPE="Sales" ACTION="Create">
<DATE>20260601</DATE>
<VOUCHERTYPENAME>Sales</VOUCHERTYPENAME>
<PARTYLEDGERNAME>Gulf Coast Seafood</PARTYLEDGERNAME>
<ALLLEDGERENTRIES.LIST>
<LEDGERNAME>Gulf Coast Seafood</LEDGERNAME>
<ISDEEMEDPOSITIVE>Yes</ISDEEMEDPOSITIVE>
<AMOUNT>-3000000</AMOUNT>
</ALLLEDGERENTRIES.LIST>
<ALLLEDGERENTRIES.LIST>
<LEDGERNAME>Export Sales - USA</LEDGERNAME>
<ISDEEMEDPOSITIVE>No</ISDEEMEDPOSITIVE>
<AMOUNT>3000000</AMOUNT>
</ALLLEDGERENTRIES.LIST>
</VOUCHER>
</TALLYMESSAGE>
<TALLYMESSAGE>
<VOUCHER VCHTYPE="Sales" ACTION="Create">
<DATE>20260601</DATE>
<VOUCHERTYPENAME>Sales</VOUCHERTYPENAME>
<PARTYLEDGERNAME>Shanghai Ocean Foods</PARTYLEDGERNAME>
<ALLLEDGERENTRIES.LIST>
<LEDGERNAME>Shanghai Ocean Foods</LEDGERNAME>
<ISDEEMEDPOSITIVE>Yes</ISDEEMEDPOSITIVE>
<AMOUNT>-1400000</AMOUNT>
</ALLLEDGERENTRIES.LIST>
<ALLLEDGERENTRIES.LIST>
<LEDGERNAME>Export Sales - China</LEDGERNAME>
<ISDEEMEDPOSITIVE>No</ISDEEMEDPOSITIVE>
<AMOUNT>1400000</AMOUNT>
</ALLLEDGERENTRIES.LIST>
</VOUCHER>
</TALLYMESSAGE>
<TALLYMESSAGE>
<VOUCHER VCHTYPE="Sales" ACTION="Create">
<DATE>20260601</DATE>
<VOUCHERTYPENAME>Sales</VOUCHERTYPENAME>
<PARTYLEDGERNAME>Mekong Seafood Trading</PARTYLEDGERNAME>
<ALLLEDGERENTRIES.LIST>
<LEDGERNAME>Mekong Seafood Trading</LEDGERNAME>
<ISDEEMEDPOSITIVE>Yes</ISDEEMEDPOSITIVE>
<AMOUNT>-1000000</AMOUNT>
</ALLLEDGERENTRIES.LIST>
<ALLLEDGERENTRIES.LIST>
<LEDGERNAME>Export Sales - Vietnam</LEDGERNAME>
<ISDEEMEDPOSITIVE>No</ISDEEMEDPOSITIVE>
<AMOUNT>1000000</AMOUNT>
</ALLLEDGERENTRIES.LIST>
</VOUCHER>
</TALLYMESSAGE>
<TALLYMESSAGE>
<VOUCHER VCHTYPE="Sales" ACTION="Create">
<DATE>20260601</DATE>
<VOUCHERTYPENAME>Sales</VOUCHERTYPENAME>
<PARTYLEDGERNAME>Export Sales - Others</PARTYLEDGERNAME>
<ALLLEDGERENTRIES.LIST>
<LEDGERNAME>Export Sales - Others</LEDGERNAME>
<ISDEEMEDPOSITIVE>Yes</ISDEEMEDPOSITIVE>
<AMOUNT>-800000</AMOUNT>
</ALLLEDGERENTRIES.LIST>
<ALLLEDGERENTRIES.LIST>
<LEDGERNAME>Export Sales - Others</LEDGERNAME>
<ISDEEMEDPOSITIVE>No</ISDEEMEDPOSITIVE>
<AMOUNT>800000</AMOUNT>
</ALLLEDGERENTRIES.LIST>
</VOUCHER>
</TALLYMESSAGE>
<TALLYMESSAGE>
<VOUCHER VCHTYPE="Sales" ACTION="Create">
<DATE>20260701</DATE>
<VOUCHERTYPENAME>Sales</VOUCHERTYPENAME>
<PARTYLEDGERNAME>Gulf Coast Seafood</PARTYLEDGERNAME>
<ALLLEDGERENTRIES.LIST>
<LEDGERNAME>Gulf Coast Seafood</LEDGERNAME>
<ISDEEMEDPOSITIVE>Yes</ISDEEMEDPOSITIVE>
<AMOUNT>-1700000</AMOUNT>
</ALLLEDGERENTRIES.LIST>
<ALLLEDGERENTRIES.LIST>
<LEDGERNAME>Export Sales - USA</LEDGERNAME>
<ISDEEMEDPOSITIVE>No</ISDEEMEDPOSITIVE>
<AMOUNT>1700000</AMOUNT>
</ALLLEDGERENTRIES.LIST>
</VOUCHER>
</TALLYMESSAGE>
<TALLYMESSAGE>
<VOUCHER VCHTYPE="Sales" ACTION="Create">
<DATE>20260701</DATE>
<VOUCHERTYPENAME>Sales</VOUCHERTYPENAME>
<PARTYLEDGERNAME>Shanghai Ocean Foods</PARTYLEDGERNAME>
<ALLLEDGERENTRIES.LIST>
<LEDGERNAME>Shanghai Ocean Foods</LEDGERNAME>
<ISDEEMEDPOSITIVE>Yes</ISDEEMEDPOSITIVE>
<AMOUNT>-1500000</AMOUNT>
</ALLLEDGERENTRIES.LIST>
<ALLLEDGERENTRIES.LIST>
<LEDGERNAME>Export Sales - China</LEDGERNAME>
<ISDEEMEDPOSITIVE>No</ISDEEMEDPOSITIVE>
<AMOUNT>1500000</AMOUNT>
</ALLLEDGERENTRIES.LIST>
</VOUCHER>
</TALLYMESSAGE>
<TALLYMESSAGE>
<VOUCHER VCHTYPE="Sales" ACTION="Create">
<DATE>20260701</DATE>
<VOUCHERTYPENAME>Sales</VOUCHERTYPENAME>
<PARTYLEDGERNAME>Mekong Seafood Trading</PARTYLEDGERNAME>
<ALLLEDGERENTRIES.LIST>
<LEDGERNAME>Mekong Seafood Trading</LEDGERNAME>
<ISDEEMEDPOSITIVE>Yes</ISDEEMEDPOSITIVE>
<AMOUNT>-1000000</AMOUNT>
</ALLLEDGERENTRIES.LIST>
<ALLLEDGERENTRIES.LIST>
<LEDGERNAME>Export Sales - Vietnam</LEDGERNAME>
<ISDEEMEDPOSITIVE>No</ISDEEMEDPOSITIVE>
<AMOUNT>1000000</AMOUNT>
</ALLLEDGERENTRIES.LIST>
</VOUCHER>
</TALLYMESSAGE>
<TALLYMESSAGE>
<VOUCHER VCHTYPE="Sales" ACTION="Create">
<DATE>20260701</DATE>
<VOUCHERTYPENAME>Sales</VOUCHERTYPENAME>
<PARTYLEDGERNAME>Export Sales - Others</PARTYLEDGERNAME>
<ALLLEDGERENTRIES.LIST>
<LEDGERNAME>Export Sales - Others</LEDGERNAME>
<ISDEEMEDPOSITIVE>Yes</ISDEEMEDPOSITIVE>
<AMOUNT>-800000</AMOUNT>
</ALLLEDGERENTRIES.LIST>
<ALLLEDGERENTRIES.LIST>
<LEDGERNAME>Export Sales - Others</LEDGERNAME>
<ISDEEMEDPOSITIVE>No</ISDEEMEDPOSITIVE>
<AMOUNT>800000</AMOUNT>
</ALLLEDGERENTRIES.LIST>
</VOUCHER>
</TALLYMESSAGE>
</REQUESTDATA>
</IMPORTDATA></BODY>
</ENVELOPE>
